@article{Teck2017,
	author  = {Teck-Hua Ho and Noah Lim and Sadat Reza and Xiaoyu Xia},
	title   = {OM Forum—Causal Inference Models in Operations Management},
	journal = {Manufacturing \& Service Operations Management},
	year    = {2017},
	volume  = {19},
	number  = {4},
	pages   = {509--712}
}

@book{joshua2015,
	author    = {Joshua D. Angrist and Jörn-Steffen Pischke},
	title     = {Mastering 'Metrics: The Path from Cause to Effect'},
	year      = {2015},
	publisher = {Princeton University Press},
	edition   = {1st}
}

@article{Li2023,
	author  = {Songtao Li and Lauren Xiaoyuan and Suan Feng Lu and Simin Huang},
	title   = {Estimating the Stockout-Based Demand Spillover Effect in a Fashion Retail Setting},
	journal = {Manufacturing \& Service Operations Management},
	year    = {2023},
	volume  = {25},
	number  = {2},
	pages   = {371--810,C2}
}

@misc{YouTube2023,
	author       = {Data Science for Causal Inference},
	title        = {[Week 5-1] (Difference-in-Differences) [Video]},
	howpublished = {\url{https://youtube.com/watch?v=SwPB3SocwLY&si=jV0_Z_c0YIjryrrh}},
	year         = {2023},
	note         = {Accessed: 2025-08-24}
}

@article{Lee2021,
	author  = {Hyun Seok (Huck) Lee and Saravanan Kesavan and Vinayak Deshpande},
	title   = {Managing the Impact of Fitting Room Traffic on Retail Sales: Using Labor to Reduce Phantom Stockouts},
	journal = {Manufacturing \& Service Operations Management},
	year    = {2021},
	volume  = {23},
	number  = {6},
	pages   = {1580--1596}
}

@article{Ashesh2023,
	author  = {Ashesh Rambachan and Jonathan Roth},
	title   = {A More Credible Approach to Parallel Trends},
	journal = {The Review of Economic Studies},
	year    = {2023},
	volume  = {90},
	number  = {5},
	pages   = {2555--2591}
}

